<collection xmlns="http://www.loc.gov/MARC21/slim">
<record>
  <leader>01688nam0a22002771i 450 </leader>
  <controlfield tag="001">IT\ICCU\CNCE\064061</controlfield>
  <controlfield tag="005">20190412000000.0</controlfield>
  <datafield tag="012" ind1=" " ind2=" ">
    <subfield code="a">tote o.e. o.e. tedi (C) 1541 (R)</subfield>
    <subfield code="2">fei</subfield>
  </datafield>
  <datafield tag="100" ind1=" " ind2=" ">
    <subfield code="a">20060207d1541        0itac0103    ba</subfield>
  </datafield>
  <datafield tag="101" ind1=" " ind2=" ">
    <subfield code="a">ITA</subfield>
  </datafield>
  <datafield tag="102" ind1=" " ind2=" ">
    <subfield code="a">IT</subfield>
  </datafield>
  <datafield tag="200" ind1="1" ind2=" ">
    <subfield code="a">Componimento di parlamenti. Formulario nuouo che insegna a ogni qualita di persone a dittar lettere messiue et responsiue di varie et diuerse materie per giornata occorrenti, con le sue mansioni et sottoscrittioni. Nuouamente ristampato, et corretto</subfield>
  </datafield>
  <datafield tag="210" ind1=" " ind2=" ">
    <subfield code="a">\Venezia</subfield>
    <subfield code="c">Francesco Bindoni il vecchio e Maffeo Pasini!</subfield>
    <subfield code="d">1541</subfield>
    <subfield code="e">In Vineggia</subfield>
    <subfield code="g">per Francesco di Alessandro Bindoni</subfield>
    <subfield code="h">et Mapheo Pasini compagni</subfield>
    <subfield code="h">del mese di ottobre 1541</subfield>
  </datafield>
  <datafield tag="215" ind1=" " ind2=" ">
    <subfield code="a">\40! c.</subfield>
    <subfield code="d">8ʻ</subfield>
  </datafield>
  <datafield tag="300" ind1=" " ind2=" ">
    <subfield code="a">Il nome dell&apos;autore si ricava da c. A1v</subfield>
  </datafield>
  <datafield tag="620" ind1=" " ind2=" ">
    <subfield code="a">IT</subfield>
    <subfield code="d">Venezia</subfield>
  </datafield>
  <datafield tag="700" ind1=" " ind2="1">
    <subfield code="a">Tagliente,</subfield>
    <subfield code="b">Giovanni Antonio</subfield>
    <subfield code="3">IT\ICCU\CNCA\008152</subfield>
  </datafield>
  <datafield tag="712" ind1="0" ind2="0">
    <subfield code="a">Bindoni, Francesco &lt;1.&gt; &amp; Pasini, Maffeo</subfield>
    <subfield code="3">IT\ICCU\CNCT\000060</subfield>
    <subfield code="4">650</subfield>
  </datafield>
  <datafield tag="790" ind1=" " ind2="1">
    <subfield code="a">Tagliente,</subfield>
    <subfield code="b">Giovannantonio</subfield>
    <subfield code="3">IT\ICCU\CNCA\024691</subfield>
    <subfield code="z">Tagliente, Giovanni Antonio</subfield>
  </datafield>
  <datafield tag="790" ind1=" " ind2="1">
    <subfield code="a">Taiente,</subfield>
    <subfield code="b">Ioanni Antonio</subfield>
    <subfield code="3">IT\ICCU\CNCA\024692</subfield>
    <subfield code="z">Tagliente, Giovanni Antonio</subfield>
  </datafield>
  <datafield tag="791" ind1="0" ind2="2">
    <subfield code="a">℗al segno dell&apos;℗Angelo Raffaele</subfield>
    <subfield code="c"> &lt;1531-1546&gt;</subfield>
    <subfield code="3">IT\ICCU\CNCT\002984</subfield>
    <subfield code="z">Bindoni, Francesco &lt;1.&gt; &amp; Pasini, Maffeo</subfield>
  </datafield>
  <datafield tag="801" ind1=" " ind2="3">
    <subfield code="a">IT</subfield>
    <subfield code="b">ICCU</subfield>
    <subfield code="c">20201115</subfield>
  </datafield>
  <datafield tag="899" ind1=" " ind2=" ">
    <subfield code="a">Biblioteca Apostolica Vaticana. Citt ̉del Vaticano</subfield>
    <subfield code="1">EX0001</subfield>
    <subfield code="2">ZCV 01</subfield>
  </datafield>
  <datafield tag="899" ind1=" " ind2=" ">
    <subfield code="a">Biblioteca Norberto Bobbio dell&apos;Universit ̉degli Studi di Torino. Torino</subfield>
    <subfield code="1">TO1203</subfield>
    <subfield code="2">UTO BB</subfield>
  </datafield>
  <datafield tag="911" ind1=" " ind2=" ">
    <subfield code="a">Sul front.</subfield>
    <subfield code="9">IT\ICCU\CNCM\000024</subfield>
  </datafield>
  <datafield tag="921" ind1=" " ind2=" ">
    <subfield code="a">IT\ICCU\CNCM\000024</subfield>
    <subfield code="b">Arcangelo Raffaele e Tobiolo (angelo che tiene per mano un bambino con un pesce).</subfield>
    <subfield code="c">V287</subfield>
    <subfield code="c">Z94</subfield>
    <subfield code="f">ANGELO</subfield>
    <subfield code="f">PESCE</subfield>
    <subfield code="f">BAMBINO</subfield>
    <subfield code="g">1529-1554</subfield>
  </datafield>
</record>
</collection>
